<record><leader>00000cas a2200000Ma 4500</leader><controlfield tag="001">10931676</controlfield><controlfield tag="008">840710d1870187umauuu ne      0   a0eng d</controlfield><datafield ind1=" " ind2=" " tag="010"><subfield code="a">sn 84023661 </subfield></datafield><datafield ind1=" " ind2=" " tag="040"><subfield code="a">AQM</subfield><subfield code="c">AQM</subfield><subfield code="d">OCLCG</subfield></datafield><datafield ind1="0" ind2=" " tag="130"><subfield code="a">Reveille (Boston, Mass.)</subfield></datafield><datafield ind1="0" ind2="4" tag="245"><subfield code="a">The reveille.</subfield></datafield><datafield ind1=" " ind2=" " tag="260"><subfield code="a">Boston [Mass. :</subfield><subfield code="b">s.n.],</subfield><subfield code="c">1870- .</subfield></datafield><datafield ind1=" " ind2=" " tag="300"><subfield code="a">v.</subfield></datafield><datafield ind1=" " ind2=" " tag="310"><subfield code="a">Frequency unknown</subfield></datafield><datafield ind1="0" ind2=" " tag="362"><subfield code="a">Sept. 28, 1870-</subfield></datafield><datafield ind1=" " ind2=" " tag="500"><subfield code="a">Editor: F.W. Bird.</subfield></datafield><datafield ind1=" " ind2="7" tag="655"><subfield code="a">Newspapers.</subfield><subfield code="2">rbgenr</subfield></datafield><datafield ind1="1" ind2=" " tag="700"><subfield code="a">Bird, F. W.</subfield><subfield code="q">(Francis William),</subfield><subfield code="d">1809-1894.</subfield></datafield><datafield ind1=" " ind2=" " tag="752"><subfield code="a">United States</subfield><subfield code="b">Massachusetts</subfield><subfield code="c">Suffolk</subfield><subfield code="d">Boston.</subfield></datafield><datafield ind1="1" ind2=" " tag="029"><subfield code="a">AU@</subfield><subfield code="b">000025826497</subfield></datafield></record>